@article{lam2010obstructive,
	title={Obstructive sleep apnoea: definitions, epidemiology \& natural history},
	author={Lam, Jamie CM and Sharma, SK and Lam, Bing and others},
	journal={Indian Journal of Medical Research},
	volume={131},
	number={2},
	pages={165},
	year={2010}
}

@article{lam2005craniofacial,
	title={Craniofacial profile in Asian and white subjects with obstructive sleep apnoea},
	author={Lam, B and Ip, MSM and Tench, E and Ryan, CF},
	journal={Thorax},
	volume={60},
	number={6},
	pages={504--510},
	year={2005},
	publisher={BMJ Publishing Group Ltd}
}


@article{Sateia_2014, title={International Classification of Sleep Disorders-Third Edition}, volume={146}, url={http://dx.doi.org/10.1378/chest.14-0970}, DOI={10.1378/chest.14-0970}, number={5}, journal={Chest}, publisher={Elsevier BV}, author={Sateia, Michael J}, year={2014}, month={Nov}, pages={1387–1394} } 

@article{Jen_Almeida_Brasher_Doyle-Waters_Salzman_Fleetham_2018, title={Oral appliances for obstructive sleep apnoea}, url={http://dx.doi.org/10.1002/14651858.CD013131}, DOI={10.1002/14651858.cd013131}, journal={Cochrane Database of Systematic Reviews}, publisher={Wiley}, author={Jen, Rachel and Almeida, Fernanda R and Brasher, Penelope and Doyle-Waters, Mary M and Salzman, Jim and Fleetham, John}, year={2018}, month={Sep} }

@article{Young_Peppard_Gottlieb_2002, title={Epidemiology of Obstructive Sleep Apnea}, volume={165}, url={http://dx.doi.org/10.1164/rccm.2109080}, DOI={10.1164/rccm.2109080}, number={9}, journal={American Journal of Respiratory and Critical Care Medicine}, publisher={American Thoracic Society}, author={Young, Terry and Peppard, Paul E. and Gottlieb, Daniel J.}, year={2002}, month={May}, pages={1217–1239} } 

@article{kee2009sleep,
	title={Sleep apnoea-a general practice approach},
	author={Kee, Kirk and Naughton, Matthew T and others},
	journal={Australian family physician},
	volume={38},
	number={5},
	pages={284},
	year={2009},
	publisher={Royal Australian College of General Practitioners}
}


@article{Shrivastava_Jung_Saadat_Sirohi_Crewson_2014, title={How to interpret the results of a sleep study}, volume={4}, url={http://dx.doi.org/10.3402/jchimp.v4.24983}, DOI={10.3402/jchimp.v4.24983}, number={5}, journal={Journal of Community Hospital Internal Medicine Perspectives}, publisher={Informa UK Limited}, author={Shrivastava, Deepak and Jung, Syung and Saadat, Mohsen and Sirohi, Roopa and Crewson, Keri}, year={2014}, month={Jan}, pages={24983} } 

@article{hillman2013public,
	title={Public health implications of sleep loss: the community burden},
	author={Hillman, David R and Lack, Leon C},
	journal={Medical Journal of Australia},
	volume={199},
	pages={S7--S10},
	year={2013},
	publisher={Wiley Online Library}
}


@article{Villa, title={Sleep clinical record: an aid to rapid and accurate diagnosis of paediatric sleep disordered breathing}, volume={41}, url={http://dx.doi.org/10.1183/09031936.00215411}, DOI={10.1183/09031936.00215411}, number={6}, journal={European Respiratory Journal}, publisher={European Respiratory Society (ERS)}, author={Villa, Maria Pia and Paolino, Maria Chiara and Castaldo, Rosa and Vanacore, Nicola and Rizzoli, Alessandra and Miano, Silvia and Del Pozzo, Marco and Montesano, Marilisa}, year={2012}, month={Sep}, pages={1355–1361} } 

@article{Whyte_Gibson_2018, title={Imaging of adult obstructive sleep apnoea}, volume={102}, url={http://dx.doi.org/10.1016/j.ejrad.2018.03.010}, DOI={10.1016/j.ejrad.2018.03.010}, journal={European Journal of Radiology}, publisher={Elsevier BV}, author={Whyte, Andy and Gibson, Daren}, year={2018}, month={May}, pages={176–187} } 

@article{Kiaee2019DiagnosisOP,
	title={Diagnosis of Pediatric Obstructive Sleep Apnea via Face Classification with Persistent Homology and Convolutional Neural Networks},
	author={Milad Kiaee and Adam B. Kashlak and Jisu Kim and Giseon Heo},
	journal={ArXiv},
	year={2019},
	volume={abs/1911.05628}
}

@article{edelsbrunner2008persistent,
	title={Persistent homology-a survey},
	author={Edelsbrunner, Herbert and Harer, John},
	journal={Contemporary mathematics},
	volume={453},
	pages={257--282},
	year={2008},
	publisher={Providence, RI: American Mathematical Society}
}

@inproceedings{szegedy2017inception,
	title={Inception-v4, inception-resnet and the impact of residual connections on learning},
	author={Szegedy, Christian and Ioffe, Sergey and Vanhoucke, Vincent and Alemi, Alexander A},
	booktitle={Thirty-first AAAI conference on artificial intelligence},
	year={2017}
}

@inproceedings{szegedy2016rethinking,
	title={Rethinking the inception architecture for computer vision},
	author={Szegedy, Christian and Vanhoucke, Vincent and Ioffe, Sergey and Shlens, Jon and Wojna, Zbigniew},
	booktitle={Proceedings of the IEEE conference on computer vision and pattern recognition},
	pages={2818--2826},
	year={2016}
}

@inproceedings{Islam,  author={S. M. S. {Islam} and H. {Mahmood} and A. A. {Al-Jumaily} and S. {Claxton}},  booktitle={2018 International Conference on Machine Learning and Data Engineering (iCMLDE)},   title={Deep Learning of Facial Depth Maps for Obstructive Sleep Apnea Prediction},   year={2018},  volume={},  number={},  pages={154-157},}

@article{lee2009craniofacial,
	title={Craniofacial phenotyping in obstructive sleep apnea—a novel quantitative photographic approach},
	author={Lee, Richard WW and Chan, Andrew SL and Grunstein, Ronald R and Cistulli, Peter A},
	journal={Sleep},
	volume={32},
	number={1},
	pages={37--45},
	year={2009},
	publisher={Oxford University Press}
}

@article{pae1999shape,
	title={Shape of the face and tongue in obstructive sleep apnea patients—statistical analysis of coordinate data},
	author={Pae, Eung-Kwon and Lowe, Alan A and Fleetham, John A},
	journal={Clinical orthodontics and research},
	volume={2},
	number={1},
	pages={10--18},
	year={1999},
	publisher={Wiley Online Library}
}

@article{lee2009prediction,
	title={Prediction of obstructive sleep apnea with craniofacial photographic analysis},
	author={Lee, Richard WW and Petocz, Peter and Prvan, Tania and Chan, Andrew SL and Grunstein, Ronald R and Cistulli, Peter A},
	journal={Sleep},
	volume={32},
	number={1},
	pages={46--52},
	year={2009},
	publisher={Oxford University Press}
}

@online{artec,
	author = {Artec 3D},
	title = {Artec Eva},
	howpublished = {\url{https://www.artec3d.com/portable-3d- scanners/artec-eva}},
	note = {Online: 2020-04-20}
}

@article{parkhi2015deep,
	title={Deep face recognition},
	author={Parkhi, Omkar M and Vedaldi, Andrea and Zisserman, Andrew},
	year={2015},
	publisher={British Machine Vision Association}
}

@inproceedings{masi2016pose,
	title={Pose-aware face recognition in the wild},
	author={Masi, Iacopo and Rawls, Stephen and Medioni, G{\'e}rard and Natarajan, Prem},
	booktitle={Proceedings of the IEEE conference on computer vision and pattern recognition},
	pages={4838--4846},
	year={2016}
}

@inproceedings{krizhevsky2012imagenet,
	title={Imagenet classification with deep convolutional neural networks},
	author={Krizhevsky, Alex and Sutskever, Ilya and Hinton, Geoffrey E},
	booktitle={Advances in neural information processing systems},
	pages={1097--1105},
	year={2012}
}

@article{chatfield2014return,
	title={Return of the devil in the details: Delving deep into convolutional nets},
	author={Chatfield, Ken and Simonyan, Karen and Vedaldi, Andrea and Zisserman, Andrew},
	journal={arXiv preprint arXiv:1405.3531},
	year={2014}
}

@inproceedings{balaei2017automatic,
	title={Automatic detection of obstructive sleep apnea using facial images},
	author={Balaei, Asghar Tabatabaei and Sutherland, Kate and Cistulli, Peter A and de Chazal, Philip},
	booktitle={2017 IEEE 14th International Symposium on Biomedical Imaging (ISBI 2017)},
	pages={215--218},
	year={2017},
	organization={IEEE}
}

@article{eastwood2020predicting,
	title={Predicting sleep apnea from three-dimensional face photography},
	author={Eastwood, Peter and Gilani, Syed Zulqarnain and McArdle, Nigel and Hillman, David and Walsh, Jennifer and Maddison, Kathleen and Goonewardene, Mithran and Mian, Ajmal},
	journal={Journal of Clinical Sleep Medicine},
	volume={16},
	number={4},
	pages={493--502},
	year={2020},
	publisher={American Academy of Sleep Medicine}
}

@article{lin2018three,
	title={Three-dimensional photography for the evaluation of facial profiles in obstructive sleep apnoea},
	author={Lin, Shih-Wei and Sutherland, Kate and Liao, Yu-Fang and Cistulli, Peter A and Chuang, Li-Pang and Chou, Yu-Ting and Chang, Chih-Hao and Lee, Chung-Shu and Li, Li-Fu and Chen, Ning-Hung},
	journal={Respirology},
	volume={23},
	number={6},
	pages={618--625},
	year={2018},
	publisher={Wiley Online Library}
}

@article{weinberg2005three,
	title={Three-dimensional surface imaging: limitations and considerations from the anthropometric perspective},
	author={Weinberg, Seth M and Kolar, John C},
	journal={Journal of Craniofacial Surgery},
	volume={16},
	number={5},
	pages={847--851},
	year={2005},
	publisher={LWW}
}

@article{weinberg2006anthropometric,
	title={Anthropometric precision and accuracy of digital three-dimensional photogrammetry: comparing the Genex and 3dMD imaging systems with one another and with direct anthropometry},
	author={Weinberg, Seth M and Naidoo, Sybill and Govier, Daniel P and Martin, Rick A and Kane, Alex A and Marazita, Mary L},
	journal={Journal of Craniofacial Surgery},
	volume={17},
	number={3},
	pages={477--483},
	year={2006},
	publisher={LWW}
}

@article{sutherland2016craniofacial,
	title={Craniofacial phenotyping for prediction of obstructive sleep apnoea in a Chinese population},
	author={Sutherland, Kate and Lee, Richard WW and Petocz, Peter and Chan, Tat On and Ng, Susanna and Hui, David S and Cistulli, Peter A},
	journal={Respirology},
	volume={21},
	number={6},
	pages={1118--1125},
	year={2016},
	publisher={Wiley Online Library}
}

@article{lee2010relationship,
	title={Relationship between surface facial dimensions and upper airway structures in obstructive sleep apnea},
	author={Lee, Richard WW and Sutherland, Kate and Chan, Andrew SL and Zeng, Biao and Grunstein, Ronald R and Darendeliler, M Ali and Schwab, Richard J and Cistulli, Peter A},
	journal={Sleep},
	volume={33},
	number={9},
	pages={1249--1254},
	year={2010},
	publisher={Oxford University Press}
}

@inproceedings{balakrishnama1998linear,
	title={Linear discriminant analysis-a brief tutorial},
	author={Balakrishnama, Suresh and Ganapathiraju, Aravind},
	booktitle={Institute for Signal and information Processing},
	volume={18},
	number={1998},
	pages={1--8},
	year={1998}
}

@article{Malik_Choi_2008, title={A novel algorithm for estimation of depth map using image focus for 3D shape recovery in the presence of noise}, volume={41}, url={http://dx.doi.org/10.1016/j.patcog.2007.12.014}, DOI={10.1016/j.patcog.2007.12.014}, number={7}, journal={Pattern Recognition}, publisher={Elsevier BV}, author={Malik, Aamir Saeed and Choi, Tae-Sun}, year={2008}, month={Jul}, pages={2200–2225} } 



@thesis{sekelova,
	title={Využitie RGB-D snímačov v biomedicíne},
	author={Nikola Sekeľová},
	journal={Diplomová práca},
	year={2018},
	organization={Katedra teoretickej elektrotechniky a biomedicínskeho inžinierstva, Fakulty elektrotechnickej Žilinskej univerzity v Žiline},
	pages={56}
}

@thesis{janisova,
	title={Využitie 3D snímania pri diagnostike obštrukčného spánkového apnoe},
	author={Silvia Janišová},
	journal={Diplomová práca},
	year={2019},
	organization={Katedra teoretickej elektrotechniky a biomedicínskeho inžinierstva Fakulty elektrotechniky a informačných technológií Žilinskej univerzity v Žiline},
	pages={55}
}


@inproceedings{satnik2018multiview,
	title={Multiview 3d sensing and analysis for high quality point cloud reconstruction},
	author={Satnik, Andrej and Izquierdo, Ebroul and Orjesek, Richard},
	booktitle={Tenth International Conference on Machine Vision (ICMV 2017)},
	volume={10696},
	pages={106962K},
	year={2018},
	organization={International Society for Optics and Photonics}
}

@article{zhang2000flexible,
	title={A flexible new technique for camera calibration},
	author={Zhang, Zhengyou},
	journal={IEEE Transactions on pattern analysis and machine intelligence},
	volume={22},
	number={11},
	pages={1330--1334},
	year={2000},
	publisher={IEEE}
}

@article{lee2019efficient,
	title={An efficient parameter update method of 360-degree VR image model},
	author={Lee, Hyunchul and Choi, Okkyung},
	journal={International Journal of Engineering Business Management},
	volume={11},
	pages={1847979019835993},
	year={2019},
	publisher={SAGE Publications Sage UK: London, England}
}

@book{faugeras1993three,
	title={Three-dimensional computer vision: a geometric viewpoint},
	author={Faugeras, Olivier and FAUGERAS, OLIVIER AUTOR},
	year={1993},
	publisher={MIT press}
}


@inproceedings{7335499,  author={M. {Kowalski} and J. {Naruniec} and M. {Daniluk}},  booktitle={2015 International Conference on 3D Vision},   title={Livescan3D: A Fast and Inexpensive 3D Data Acquisition System for Multiple Kinect v2 Sensors},   year={2015},  volume={},  number={},  pages={318-325},}

@inproceedings{6726991,  author={R. S. {Yang} and Y. H. {Chan} and R. {Gong} and M. {Nguyen} and A. G. {Strozzi} and P. {Delmas} and G. {Gimel'farb} and R. {Ababou}},  booktitle={2013 28th International Conference on Image and Vision Computing New Zealand (IVCNZ 2013)},   title={Multi-Kinect scene reconstruction: Calibration and depth inconsistencies},   year={2013},  volume={},  number={},  pages={47-52},}

@INPROCEEDINGS{6272078,  author={J. {Fu} and S. {Wang} and Y. {Lu} and S. {Li} and W. {Zeng}},  booktitle={2012 IEEE International Symposium on Circuits and Systems (ISCAS)},   title={Kinect-like depth denoising},   year={2012},  volume={},  number={},  pages={512-515},}

@ARTICLE{6756961,  author={T. {Mallick} and P. P. {Das} and A. K. {Majumdar}},  journal={IEEE Sensors Journal},   title={Characterizations of Noise in Kinect Depth Images: A Review},   year={2014},  volume={14},  number={6},  pages={1731-1740},}

@book{davies2004machine,
	title={Machine vision: theory, algorithms, practicalities},
	author={Davies, E Roy},
	year={2004},
	publisher={Elsevier}
}

@article{fabry2010surface,
	title={Surface representations for 3D face recognition},
	author={Fabry, Thomas and Smeets, Dirk and Vandermeulen, Dirk},
	journal={Face Recognition},
	pages={273--294},
	year={2010},
	publisher={InTech, www. intechopen. com/books/face-recognition/surface-representations~…}
}



@article{ozbay2019voxelize,
	title={A voxelize structured refinement method for registration of point clouds from Kinect sensors},
	author={{\"O}zbay, Erdal and {\c{C}}inar, Ahmet},
	journal={Engineering Science and Technology, an International Journal},
	volume={22},
	number={2},
	pages={555--568},
	year={2019},
	publisher={Elsevier}
}

@book{hansard2012time,
	title={Time-of-flight cameras: principles, methods and applications},
	author={Hansard, Miles and Lee, Seungkyu and Choi, Ouk and Horaud, Radu Patrice},
	year={2012},
	publisher={Springer Science \& Business Media}
}

@article{li2014time,
	title={Time-of-flight camera--an introduction},
	author={Li, Larry},
	journal={Technical white paper},
	number={SLOA190B},
	year={2014},
	publisher={Texas Instruments Dallas, Tex, USA}
}

@inproceedings{van2006time,
	title={Time-of-flight Optical Ranging Sensor Based on a Current Assisted Photonic Demodulator},
	author={Van Nieuwenhove, D and Van der Tempel, W and Grootjans, R and Kuijk, M},
	booktitle={Annual Symposium of the IEEE Photonics Benelux Chapter, Ghent, Belgium},
	pages={209--212},
	year={2006}
}


@book{chua2017standards,
	title={Standards, quality control, and measurement sciences in 3D printing and additive manufacturing},
	author={Chua, Chee Kai and Wong, Chee How and Yeong, Wai Yee},
	year={2017},
	publisher={Academic Press}
}

@misc{point_intel,
	author = {L. Bamber},
	title = {Intel RealSense Technology and the Point Cloud},
	year={2015},
	howpublished = {\url{https://software.intel.com/content/www/us/en/develop/articles/intel-realsense-technology-and-the-point-cloud.html}},
	note = {Online: 2020-05-11}
}

@book{smith2006vertex,
	title={On vertex-vertex systems and their use in geometric and biological modelling},
	author={Smith, Colin},
	year={2006},
	publisher={University of Calgary}
}

@inproceedings{kazhdan2006poisson,
	title={Poisson surface reconstruction},
	author={Kazhdan, Michael and Bolitho, Matthew and Hoppe, Hugues},
	booktitle={Proceedings of the fourth Eurographics symposium on Geometry processing},
	volume={7},
	year={2006}
}

@article{bernardini1999ball,
	title={The ball-pivoting algorithm for surface reconstruction},
	author={Bernardini, Fausto and Mittleman, Joshua and Rushmeier, Holly and Silva, Cl{\'a}udio and Taubin, Gabriel},
	journal={IEEE transactions on visualization and computer graphics},
	volume={5},
	number={4},
	pages={349--359},
	year={1999},
	publisher={IEEE}
}

%ICP

@article{jian2010robust,
	title={Robust point set registration using gaussian mixture models},
	author={Jian, Bing and Vemuri, Baba C},
	journal={IEEE transactions on pattern analysis and machine intelligence},
	volume={33},
	number={8},
	pages={1633--1645},
	year={2010},
	publisher={IEEE}
}

@inproceedings{tsin2004correlation,
	title={A correlation-based approach to robust point set registration},
	author={Tsin, Yanghai and Kanade, Takeo},
	booktitle={European conference on computer vision},
	pages={558--569},
	year={2004},
	organization={Springer}
}

@misc{ wiki:kinect,
	author = "{Wikipedia contributors}",
	title = "Kinect --- {Wikipedia}{,} The Free Encyclopedia",
	year = "2020",
	howpublished = "\url{https://en.wikipedia.org/w/index.php?title=Kinect&oldid=965084159}",
	note = "[Online; accessed 2-July-2020]"
}

@misc{blake2015libfreenect2,
	title={libfreenect2: Open source drivers for the Kinect for Windows v2 device},
	author={Blake, J and Echtler, F and Kerl, C},
	year={2015}
}

@inproceedings{lawin2016efficient,
	title={Efficient multi-frequency phase unwrapping using kernel density estimation},
	author={Lawin, Felix J{\"a}remo and Forss{\'e}n, Per-Erik and Ovr{\'e}n, Hannes},
	booktitle={European Conference on Computer Vision},
	pages={170--185},
	year={2016},
	organization={Springer}
}

@article{telea2004image,
	title={An image inpainting technique based on the fast marching method},
	author={Telea, Alexandru},
	journal={Journal of graphics tools},
	volume={9},
	number={1},
	pages={23--34},
	year={2004},
	publisher={Taylor \& Francis}
}

@misc{iricp,
	author = {Michael Goerner},
	title = {Incremental Registration},
	howpublished = {\url{https://pointclouds.org/documentation/incremental__registration_8hpp_source.html}},
	note = {Online: 2020-02-03}
}


@article{king2009dlib,
	title={Dlib-ml: A machine learning toolkit},
	author={King, Davis E},
	journal={The Journal of Machine Learning Research},
	volume={10},
	pages={1755--1758},
	year={2009},
	publisher={JMLR. org}
}


@inproceedings{he2017mask,
	title={Mask r-cnn},
	author={He, Kaiming and Gkioxari, Georgia and Doll{\'a}r, Piotr and Girshick, Ross},
	booktitle={Proceedings of the IEEE international conference on computer vision},
	pages={2961--2969},
	year={2017}
}

@inproceedings{dutta2019vgg,
	author = {Dutta, Abhishek and Zisserman, Andrew},
	title = {The {VIA} Annotation Software for Images, Audio and Video},
	booktitle = {Proceedings of the 27th ACM International Conference on Multimedia},
	series = {MM '19},
	year = {2019},
	isbn = {978-1-4503-6889-6/19/10},
	location = {Nice, France},
	numpages = {4},
	url = {https://doi.org/10.1145/3343031.3350535},
	doi = {10.1145/3343031.3350535},
	publisher = {ACM},
	address = {New York, NY, USA},
}

@article{qi2017pointnetplusplus,
	title={PointNet++: Deep Hierarchical Feature Learning on Point Sets in a Metric Space},
	author={Qi, Charles R and Yi, Li and Su, Hao and Guibas, Leonidas J},
	journal={arXiv preprint arXiv:1706.02413},
	year={2017}
}

%Interferencia

@inproceedings{Kim,
	title={Design and calibration of a multi-view TOF sensor fusion system},
	author={Kim, Young Min and Chan, Derek and Theobalt, Christian and Thrun, Sebastian},
	booktitle={2008 IEEE Computer Society Conference on Computer Vision and Pattern Recognition Workshops},
	pages={1--7},
	year={2008},
	organization={IEEE}
}

@article{Buttgen,
	title={Pseudonoise optical modulation for real-time 3-D imaging with minimum interference},
	author={Buttgen, Bernhard and Lustenberger, Felix and Seitz, Peter and others},
	journal={IEEE Transactions on Circuits and Systems I: Regular Papers},
	volume={54},
	number={10},
	pages={2109--2119},
	year={2007},
	publisher={IEEE}
}

@inproceedings{Whyte,
	title={Multiple range imaging camera operation with minimal performance impact},
	author={Whyte, Refael Z and Payne, Andrew D and Dorrington, Adrian A and Cree, Michael J},
	booktitle={Image Processing: Machine Vision Applications III},
	volume={7538},
	pages={75380I},
	year={2010},
	organization={International Society for Optics and Photonics}
}

@article{Seitz,
	title={Robust optical time-of-flight range imaging based on smart pixel structures},
	author={Buttgen, Bernhard and Seitz, Peter},
	journal={IEEE Transactions on Circuits and Systems I: Regular Papers},
	volume={55},
	number={6},
	pages={1512--1525},
	year={2008},
	publisher={IEEE}
}

@inproceedings{Lianhua,
	title={Multi-camera interference cancellation of time-of-flight (TOF) cameras},
	author={Li, Lianhua and Xiang, Sen and Yang, You and Yu, Li},
	booktitle={2015 IEEE International Conference on Image Processing (ICIP)},
	pages={556--560},
	year={2015},
	organization={IEEE}
}

@inproceedings{Lee,
	title={Stochastic Exposure Coding for Handling Multi-ToF-Camera Interference},
	author={Lee, Jongho and Gupta, Mohit},
	booktitle={Proceedings of the IEEE International Conference on Computer Vision},
	pages={7880--7888},
	year={2019}
}

@article{Bulczak,
	title={Quantified, interactive simulation of AMCW ToF camera including multipath effects},
	author={Bulczak, David and Lambers, Martin and Kolb, Andreas},
	journal={Sensors},
	volume={18},
	number={1},
	pages={13},
	year={2018},
	publisher={Multidisciplinary Digital Publishing Institute}
}

@article{Lange,
	title={3D time-of-flight distance measurement with custom solid-state image sensors in CMOS/CCD-technology},
	author={Lange, Robert},
	year={2000}
}

@article{Han,
	title={A review of algorithms for filtering the 3D point cloud},
	author={Han, Xian-Feng and Jin, Jesse S and Wang, Ming-Jie and Jiang, Wei and Gao, Lei and Xiao, Liping},
	journal={Signal Processing: Image Communication},
	volume={57},
	pages={103--112},
	year={2017},
	publisher={Elsevier}
}

@article{Pirotti,
	title={Implementation and assessment of two density-based outlier detection methods over large spatial point clouds},
	author={Pirotti, Francesco and Ravanelli, Roberta and Fissore, Francesca and Masiero, Andrea},
	journal={Open Geospatial Data, Software and Standards},
	volume={3},
	number={1},
	pages={1--12},
	year={2018},
	publisher={SpringerOpen}
}

@inproceedings{Corso,
	title={Disclosure of temporary exposures as permanent website applications through the patrimonial survey},
	author={Corso Sarmiento, Juan Manuel and Garcia-Almirall, M Pilar and L{\'o}pez Jim{\'e}nez, Daniel and Casals Fernandez, Jordi},
	booktitle={IOP Conference Series: Materials Science and Engineering (Online)},
	number={245},
	pages={1--11},
	year={2017},
	organization={Institute of Physics (IOP)}
}

@article{Balta,
	title={Fast statistical outlier removal based method for large 3D point clouds of outdoor environments},
	author={Balta, Haris and Velagic, Jasmin and Bosschaerts, Walter and De Cubber, Geert and Siciliano, Bruno},
	journal={IFAC-PapersOnLine},
	volume={51},
	number={22},
	pages={348--353},
	year={2018},
	publisher={Elsevier}
}

@inproceedings{Guerrero,
	title={Pcpnet learning local shape properties from raw point clouds},
	author={Guerrero, Paul and Kleiman, Yanir and Ovsjanikov, Maks and Mitra, Niloy J},
	booktitle={Computer Graphics Forum},
	volume={37},
	number={2},
	pages={75--85},
	year={2018},
	organization={Wiley Online Library}
}

@inproceedings{Volak2019,
	title={Interference artifacts suppression in systems with multiple depth cameras},
	author={Volak, Jozef and Koniar, Dusan and Jabloncik, Frantisek and Hargas, Libor and Janisova, Silvia},
	booktitle={2019 42nd International Conference on Telecommunications and Signal Processing (TSP)},
	pages={472--476},
	year={2019},
	organization={IEEE}
}

@inproceedings{Schaller,
	title={Time-of-flight sensor for patient positioning},
	author={Schaller, Christian and Adelt, Andre and Penne, Jochen and Hornegger, Joachim},
	booktitle={Medical Imaging 2009: Visualization, Image-Guided Procedures, and Modeling},
	volume={7261},
	pages={726110},
	year={2009},
	organization={International Society for Optics and Photonics}
}


@misc{stereo,
	author = {D. L. Lau},
	title = {The Science Behind Kinect},
	howpublished = {\url{http://lau.engr.uky.edu/news/science-behind-kinect}},
	note = {Online: 2020-05-24}
}

@book{kala2016road,
	title={On-road intelligent vehicles: Motion planning for intelligent transportation systems},
	author={Kala, Rahul},
	year={2016},
	publisher={Butterworth-Heinemann}
}


@article{Geng,
	author = {Jason Geng},
	journal = {Adv. Opt. Photon.},
	number = {2},
	pages = {128--160},
	publisher = {OSA},
	title = {Structured-light 3D surface imaging: a tutorial},
	volume = {3},
	month = {Jun},
	year = {2011},
	url = {http://aop.osa.org/abstract.cfm?URI=aop-3-2-128},
	doi = {10.1364/AOP.3.000128}
}




@article{zisserman2004multiple,
	title={Multiple view geometry in computer vision},
	author={Zisserman, Richard Hartley Andrew},
	year={2004}
}

@inproceedings{bellavia2006underwater,
	title={Underwater archaeological mosaicing},
	author={Bellavia, F and Gagliano, G and Tegolo, D and Valenti, C},
	booktitle={10th WSEAS International Conference on COMPUTERS. Vouliagmeni, Athens, Greece},
	pages={1141--1146},
	year={2006}
}

@misc{affine,
	author = {J. Chalmovianská},
	title = {AFINNÉ TRANSFORMÁCIE},
	howpublished = {\url{http://www.sccg.sk/~pilnikova/pg/afinne_transformacie.pdf}},
	note = {Online: 2020-04-17}
}

@misc{affine1,
	author = {M. Bátorová},
	title = {GEOMETRICKÉ TRANSFORMÁCIE A ICH TRIEDY},
	howpublished = {\url{http://www.http://fractal.dam.fmph.uniba.sk/~batorova/UPG/2_Transformacie}},
	note = {Online: 2020-04-17}
}

