% Encoding: UTF-8


@Book{Stroje,
	title     = {Elektrické stroje},
	publisher = {EDIS - vydavatelstvo ŽU},
	year      = {2009},
	author    = {V. Hrabovcová and P. Rafajdus},
	isbn      = {978-80-554-0101-0},
}

@Book{Moderne_stroje,
	title     = {Moderné elektrické stroje},
	publisher = {EDIS - vydavatelstvo ŽU},
	year      = {2001},
	author    = {V. Hrabovcová and L. Janoušek and P. Rafajdus and M. Ličko},
	isbn      = {80-7100-809-5},
}

@Book{KrishnanPMSM,
	title     = {Permanent Magnet Synchronous and Brushless DC Motor Drives},
	publisher = {Boca Ranton : CRC Press},
	year      = {2010},
	author    = {R. Krishnan},
	isbn      = {978-0-8247-5384-9},
}

@phdthesis{Stulrajter_PhD,
	author       = {M. Štulrajter}, 
	title        = {Bezsnímačový polohový servomechanizmus so synchrónnym motorom s permanentnými magnetmi},
	school       = {Žilinská univerzita v Žiline},
	year         = 2006,
	month        = 9,
}

@mastersthesis{Zossak_Ing,
	author       = {Š. Zoššák}, 
	title        = {Návrh bezsnímačového riadenia SMPM pre oblasť nulových a nízkych rýchlostí},
	school       = {Žilinská univerzita v Žiline},
	year         = 2017,
	month        = 6,
}

@Book{Hrabovcova_Design_of_rot_machines,
	title     = {Design of Rotating Electrical Machines},
	publisher = {John Wiley \& Sons, Ltd.},
	year      = {2008},
	author    = {J. Pyrhönen and T. Jokinen and V. Hrabovcová},
	isbn      = {978-0-470-69516-6},
}

@mastersthesis{Lazor_Ing,
	author       = {M. Lazor}, 
	title        = {Analýza riadiacich metód pre vybrané motory s permanentnými magnetmi z pohľadu kvality produkovaného momentu},
	school       = {Žilinská univerzita v Žiline},
	year         = 2014,
	month        = 5,
}

@WWW{PMSMAppNoteS12Z,
	author   = {NXP Semiconductors N.V},
	title    = {3-phase Sensorless PMSM Motor Control
	Kit with MagniV MC9S12ZVM},
	year     = {2016},
	url      = {https://www.nxp.com/docs/en/application-note/AN5135.pdf},
}

@WWW{BLDCAppNoteS12Z,
	author   = {NXP Semiconductors N.V},
	title    = {3-phase Sensorless BLDC Motor
	Control Kit with the S12 MagniV
	MC9S12ZVM},
	year     = {2013},
	url      = {https://www.nxp.com/docs/en/application-note/AN4704.pdf},
}

@phdthesis{Filka_PhD,
	author       = {R. Filka}, 
	title        = {Sensorless Control of IPM Synchronous Motors for	Entire Speed Range Including Start-Up},
	school       = {Žilinská univerzita v Žiline},
	year         = 2008,
	month        = 3,
}

@Book{RiadeniePohonovMakys,
	title     = {Riadenie elektrických pohonov},
	publisher = {EDIS - vydavatelstvo ŽU},
	year      = {2017},
	author    = {M. Málek and P. Makyš and M. Štulrajter},
	isbn      = {978-80-554-1334-1},
}

@WWW{stuloPpt,
	author   = {NXP Semiconductors N.V},
	title    = {S12 MagniV: High-Speed Permanent Magnet Motor Control with S12ZVM},
	year     = {2016},
	url      = {https://community.nxp.com/docs/DOC-331483?q=FTF-AUT-N1806},
}

@mastersthesis{Musak_Ing,
	author       = {M. Mušák}, 
	title        = {Určenie parametrov elektrického servopohonu so SMPM},
	school       = {Žilinská univerzita v Žiline},
	year         = 2012,
	month        = 5,
}

@WWW{PMSMAppNoteLeo,
	author   = {NXP Semiconductors N.V},
	title    = {Dual 3-Phase PMSM Development Kit with MPC5643L},
	year     = {2015},
	url      = {https://www.nxp.com/docs/en/application-note/AN4518.pdf},
}

@WWW{LeoBoardGuide,
	author   = {NXP Semiconductors N.V},
	title    = {MPC5643L Dual Motor Controller Board User Guide},
	year     = {2012},
	url      = {https://www.nxp.com/docs/en/user-guide/MPC5643LDMCBUG.pdf},
}

@WWW{PowerStageGuide,
	author   = {NXP Semiconductors N.V},
	title    = {3-Phase BLDC/PMSM Low Voltage Power Stage User Guide},
	year     = {2012},
	url      = {https://www.nxp.com/docs/en/user-guide/3PHLVPSUM.pdf},
}

@WWW{AMMCLIB,
	author   = {NXP Semiconductors N.V},
	title    = {Automotive Math and Motor Control Library Set for NXP MPC564xL devices},
	year     = {2016},
	url      = {http://cache.freescale.com/files/microcontrollers/doc/user_guide/MPC564XLMCLUG.pdf},
}

@WWW{MPC5643LRM,
	author   = {NXP Semiconductors N.V},
	title    = {MPC5643L Microcontroller Reference Manual},
	year     = {2013},
	url      = {http://cache.freescale.com/files/32bit/doc/ref_manual/MPC5643LRM.pdf},
}




@INPROCEEDINGS{Novak2016_encoder,
	author={Z. Novak and M. Novak},
	booktitle={2016 17th International Conference on Mechatronics - Mechatronika (ME)},
	title={Implementation of a novel angular hall encoder for field oriented control of high speed and experimental motors},
	year={2016},
	volume={},
	number={},
	pages={1-7},
	keywords={angular velocity control;Hall effect transducers;machine vector control;permanent magnet motors;position control;synchronous motors;angular Hall encoder;field oriented control;high speed motors;experimental motors;permanent magnet synchronous motor;PMSM;iC-MH16;sensor;industrial motor;regular position resolver;angular position;FOC;field programmable gate array;FPGA;Field programmable gate arrays;Magnetic sensors;Permanent magnet motors;Voltage control;Sensorless control;Signal processing algorithms;angular Hall encoder;field oriented control;field programmable gate array;permanent magnet motors},
	doi={},
	ISSN={},
	month={Dec},}

@ARTICLE{Gerada2014_HS_review,
	author={D. Gerada and A. Mebarki and N. L. Brown and C. Gerada and A. Cavagnino and A. Boglietti},
	journal={IEEE Transactions on Industrial Electronics},
	title={High-Speed Electrical Machines: Technologies, Trends, and Developments},
	year={2014},
	volume={61},
	number={6},
	pages={2946-2959},
	keywords={copper alloys;electric machines;steel;high-speed electrical machines;electrical steels;copper alloys;machine operating physical boundaries;Engines;Turbines;Flywheels;Materials;Steel;Fuels;Rotors;Copper alloys;high-frequency electrical machines;high-frequency electrical steels;high-speed electrical machines;high-strength electrical steels;mechanical modeling;thermal modeling},
	doi={10.1109/TIE.2013.2286777},
	ISSN={0278-0046},
	month={June},}


@INPROCEEDINGS{Gerada2016_HS_review,
	author={R. Abebe and M. Di Nardo and D. Gerada and G. L. Calzo and L. Papini and C. Gerada},
	booktitle={IECON 2016 - 42nd Annual Conference of the IEEE Industrial Electronics Society},
	title={High speed drives review: Machines, converters and applications},
	year={2016},
	volume={},
	number={},
	pages={1675-1679},
	keywords={electric drives;electric machines;power convertors;power electronics;power electronic device;high speed electrical drives;electrical machine;converter topology;Compressors;Rotors;Solids;Induction motors;Industries;Turbines;high speed;electrical machine;high speed applications;high speed drives},
	doi={10.1109/IECON.2016.7793721},
	ISSN={},
	month={Oct},}


@ARTICLE{Huang2018_HS_turbo_review,
	author={D. Gerada and X. Huang and C. Zhang and H. Zhang and X. Zhang and C. Gerada},
	journal={IEEE/ASME Transactions on Mechatronics},
	title={Electrical Machines for Automotive Electrically Assisted Turbocharging},
	year={2018},
	volume={23},
	number={5},
	pages={2054-2065},
	keywords={asynchronous machines;compressors;electric current measurement;electric vehicles;fuel systems;rotors;electrical machine;automotive electrically assisted turbocharging;appropriate technology;detailed comparison;quantitative comparison;multidomain comparison;reluctance machines;electromagnetic sciences;mechanical sciences;machine type;induction machine;permanent magnet;switched reluctance machines;thermal sciences;power 10.0 kW;Engines;Torque;Turbines;Wheels;Acceleration;Industries;Fuels;Electrically assisted turbocharging (EAT);forced induction system (FIS);high-speed electrical machines;induction machines (IM);surface permanent-magnet (SPM) machines;switched-reluctance machines (SRM);testing},
	doi={10.1109/TMECH.2018.2849081},
	ISSN={1083-4435},
	month={Oct},}


@INPROCEEDINGS{Zhang2016_ultra_HS_generator,
	author={H. Zhang and X. Zhang and C. Gerada and M. Galea and D. Gerada and J. Li},
	booktitle={2016 IEEE Conference on Electromagnetic Field Computation (CEFC)},
	title={Armature design of an ultra-high speed PM generator},
	year={2016},
	volume={},
	number={},
	pages={1-1},
	keywords={electromagnetic fields;permanent magnet generators;armature design considerations;ultra-high speed PM generator;UHPMG;turbine applications;transient electromagnetic fields;electromagnetic performance;flux distribution;loss distribution;armature topologies;flux harmonics;windings type;slots-pole combination;pole shoes shape;machine high speed operating performance;power 5 kW;Decision support systems;Indexes;UHSPMG;Performance;Windings;Slot;Pole shoes},
	doi={10.1109/CEFC.2016.7816059},
	ISSN={},
	month={Nov},}


@ARTICLE{Cho2011_nat_freq_turbo,
	author={H. Cho and K. Ko and J. Choi and H. Shin and S. Jang},
	journal={IEEE Transactions on Magnetics},
	title={Rotor Natural Frequency in High-Speed Permanent-Magnet Synchronous Motor for Turbo-Compressor Application},
	year={2011},
	volume={47},
	number={10},
	pages={4258-4261},
	keywords={finite element analysis;permanent magnet motors;synchronous motor drives;rotor natural frequency;high-speed permanent-magnet synchronous motor;turbocompressor application;high-frequency drives;low-medium operation speeds;finite element method;FEM;Rotors;Synchronous motors;Permanent magnets;Permanent magnet motors;Shafts;Stress;Frequency synchronization;High-frequency drives;high-speed motor;permanent-magnet synchronous motors;rotor natural frequency;turbo-compressor application},
	doi={10.1109/TMAG.2011.2152378},
	ISSN={0018-9464},
	month={Oct},}


@INPROCEEDINGS{Mirzaeva2012_FBQ_modulation,
	author={G. Mirzaeva and G. Goodwin},
	booktitle={2012 22nd Australasian Universities Power Engineering Conference (AUPEC)},
	title={Introducing Feedback Quantizer - A Novel pulse-width modulation strategy for voltage source inverters},
	year={2012},
	volume={},
	number={},
	pages={1-6},
	keywords={AC motor drives;distortion;PWM invertors;feedback quantizer;pulse-width modulation strategy;voltage source inverter topology;minimal distortion;AC drives;three phase two level inverter;harmonic performance;FBQ-PWM strategy;linear modulation;Saber environment;Vectors;Inverters;Noise;Quantization;Transfer functions;Pulse width modulation;Harmonic analysis},
	doi={},
	ISSN={},
	month={Sep.},}


@INPROCEEDINGS{Gerada2018_impact_of_modulation_high_density,
	author={D. Golovanov and D. Gerada and G. Mirzaeva and C. Gerada},
	booktitle={2018 25th International Workshop on Electric Drives: Optimization in Control of Electric Drives (IWED)},
	title={The impact of modulation technique on high power density synchronous machine characteristics},
	year={2018},
	volume={},
	number={},
	pages={1-6},
	keywords={harmonic distortion;machine control;permanent magnet motors;pulse width modulation;synchronous machines;torque control;power-density;maximum travel distance;battery charging cycle;higher fundamental frequencies;modulation strategies;high power density PMSM;electrical machines;electric-flying;PWM;FBQ;Six-step square wave;torque quality;THD;electric driving;future transportation;high power density synchronous machine characteristics;modulation technique;Harmonic analysis;Pulse width modulation;Frequency modulation;Hysteresis motors;Switching frequency;Permanent magnet motors;PWM modulation;Feedback Quantizer;Six-Step Square-Wave PWMs;electrical machines},
	doi={10.1109/IWED.2018.8321370},
	ISSN={},
	month={Jan},}


@ARTICLE{Cui2013_PAM_PWM_virt_zero,
	author={C. Cui and G. Liu and K. Wang and X. Song},
	journal={IEEE Transactions on Power Electronics},
	title={Sensorless Drive for High-Speed Brushless DC Motor Based on the Virtual Neutral Voltage},
	year={2015},
	volume={30},
	number={6},
	pages={3275-3285},
	keywords={brushless DC motors;DC motor drives;electromagnetic interference;low-pass filters;pulse amplitude modulation;pulse width modulation;sensorless machine control;synchronisation;phase delay;low-pass filter;electromagnetic interference;commutation notches;voltage signal;commutation signals;sensorless control method;hybrid drive method;PAM techniques;pulse-amplitude modulation;PWM techniques;pulse-width modulation;virtual neutral voltage;BLDC motor;brushless DC motor;sensorless drive;Pulse width modulation;Commutation;Sensorless control;Voltage control;Delays;Brushless DC motors;Brushless DC (BLDC) motor;hybrid drive;phase delay;sensorless control;virtual neutral voltage},
	doi={10.1109/TPEL.2014.2337292},
	ISSN={0885-8993},
	month={June},}


@ARTICLE{Jang2005_unipol_bipol_switch,
	author={G. Jang and M. G. Kim},
	journal={IEEE Transactions on Magnetics},
	title={A bipolar-starting and unipolar-running method to drive a hard disk drive spindle motor at high speed with large starting torque},
	year={2005},
	volume={41},
	number={2},
	pages={750-755},
	keywords={hard discs;disc drives;brushless DC motors;DC motor drives;invertors;digital signal processing chips;microcontrollers;torque motors;bipolar-starting method;unipolar-running method;hard disk drive;spindle motor;large starting torque;inverter circuit;digital signal processor;DSP-based brushless dc motor controller;Drives;Hard disks;Torque;Brushless DC motors;Switches;Signal processing algorithms;Inverters;Switching circuits;Digital signal processors;DC motors;Bipolar drive;bipolar-starting and unipolar-running drive;BLDC motor;unipolar drive},
	doi={10.1109/TMAG.2004.840314},
	ISSN={0018-9464},
	month={Feb},}


@ARTICLE{Shao2003_BLDC_basics,
	author={Jianwen Shao and D. Nolan and M. Teissier and D. Swanson},
	journal={IEEE Transactions on Industry Applications},
	title={A novel microcontroller-based sensorless brushless DC (BLDC) motor drive for automotive fuel pumps},
	year={2003},
	volume={39},
	number={6},
	pages={1734-1740},
	keywords={automobiles;microcontrollers;brushless DC motors;DC motor drives;switching;pumps;reliability;machine control;sensorless brushless DC motor drive;microcontroller-based drive;automotive fuel pumps;back-EMF signal;motor performance;sensing scheme;hardware macro cell;mixed-signal microcontroller;high reliability;high intelligence;Motor drives;Automotive engineering;Fuel pumps;Commutation;Microcontrollers;Costs;Brushless DC motors;Filtering;Voltage;Wounds},
	doi={10.1109/TIA.2003.818973},
	ISSN={0093-9994},
	month={Nov},}


@INPROCEEDINGS{Stulrajter_HS_BLDC,
	author={M. Štulrajter and P. Makyš and P. Rafajdus},
	booktitle={2017 IEEE International Symposium on Sensorless Control for Electrical Drives (SLED)},
	title={Sensorless control of high speed BLDC},
	year={2017},
	volume={},
	number={},
	pages={225-230},
	keywords={brushless DC motors;commutation;machine control;sensorless machine control;high speed BLDC;brushless DC motors;high speed region;six-step commutation technique;disconnected motor phase;commutation control;sensorless mode;high-speed BLDC motor;sensorless control;6-step commutation control;Commutation;Pulse width modulation;Permanent magnet motors;Rotors;Induction motors;Brushless motors;Voltage measurement},
	doi={10.1109/SLED.2017.8078454},
	ISSN={2166-6733},
	month={Sep.},}


@ARTICLE{Kim2004_BLDC_G_function,
	author={Tae-Hyung Kim and M. Ehsani},
	journal={IEEE Transactions on Power Electronics},
	title={Sensorless control of the BLDC motors from near-zero to high speeds},
	year={2004},
	volume={19},
	number={6},
	pages={1635-1645},
	keywords={brushless DC motors;machine control;robust control;DC motor drives;BLDC motor sensorless control;brushless DC motor;sensorless drive method;robust sensorless operation;flux linage function;Sensorless control;Brushless DC motors;Commutation;Voltage;DC motors;Costs;Brushless motors;Couplings;Permanent magnet motors;Military computing;Brushless dc (BLDC) motor;control;sensorless},
	doi={10.1109/TPEL.2004.836625},
	ISSN={0885-8993},
	month={Nov},}


@INPROCEEDINGS{Niedermayr2016_eKalman,
	author={P. Niedermayr and S. Bolognani and L. Alberti and R. Abl},
	booktitle={IECON 2016 - 42nd Annual Conference of the IEEE Industrial Electronics Society},
	title={Sensorless control of a super-high speed synchronous motor drive based on a Kalman filter},
	year={2016},
	volume={},
	number={},
	pages={1870-1875},
	keywords={Kalman filters;permanent magnet motors;sensorless machine control;synchronous motor drives;sensorless control;super-high speed synchronous motor drive;permanent magnet synchronous motors;fuel cell cathode;electrical car;extended Kalman filter;EKF parameters;normalized motor parameters;Kalman filters;Mathematical model;Covariance matrices;Sensorless control;Stators;Rotors;Permanent magnet motors},
	doi={10.1109/IECON.2016.7793166},
	ISSN={},
	month={Oct},}


@INPROCEEDINGS{Lindemann2018_sled_lowSpeedBEMF,
	author={G. Lindemann and B. Weber and A. Mertens},
	booktitle={2018 IEEE 9th International Symposium on Sensorless Control for Electrical Drives (SLED)},
	title={Reducing the Low-Speed Limit for Back-EMF Based Self-Sensing Speed Control by Using an FPGA-Operated Dead-Time Compensation},
	year={2018},
	volume={},
	number={},
	pages={60-65},
	keywords={angular velocity control;compensation;electric potential;field programmable gate arrays;invertors;permanent magnet machines;position control;predictive control;rotors;sensorless machine control;synchronous machines;low-speed limit reduction;back-EMF based self-sensing speed control;back electromotive force scales;permanent magnet synchronous machine;PMSM;inverter nonlinearity effect;inverter dead-time;relative voltage error;modulation index;dynamic dead-time compensation;FPGA-operated current oversampling;FPGA-operated dead-time compensation;predictive dead-time compensation;back-EMF based rotor position estimation method;rotor speed;Rotors;Inverters;Observers;Switches;Pulse width modulation;Inductance;Sensorless control;Dead-time compensation;current oversampling},
	doi={10.1109/SLED.2018.8485822},
	ISSN={2166-6733},
	month={Sep.},}


@INPROCEEDINGS{Yong2018_sled_fast_estimator,
	author={X. Yong and M. Preindl},
	booktitle={2018 IEEE 9th International Symposium on Sensorless Control for Electrical Drives (SLED)},
	title={Optimization-Based Position Estimation of PM Synchronous Motor Drives with Magnetic Saturation},
	year={2018},
	volume={},
	number={},
	pages={66-71},
	keywords={approximation theory;discrete time systems;machine vector control;nonlinear control systems;nonlinear dynamical systems;observers;optimisation;permanent magnet motors;position control;sensorless machine control;synchronous motor drives;variable dimension;optimization-based position estimation;observer performance;vector control;standard deviation;low speed - peak noise;nonlinear dynamic models;discrete time optimization-based position estimation strategy;magnetic saturation;PM synchronous motor drives;speed estimation;estimation accuracy;state reconstruction;nonlinear output constraints;affine dynamic constraints;virtual flux domain;Cost function;Nonlinear dynamical systems;Observers;Saturation magnetization;Synchronous motors;Approximation;optimization;position sensorless;motor drive},
	doi={10.1109/SLED.2018.8486064},
	ISSN={2166-6733},
	month={Sep.},}


@ARTICLE{Song2016_linear_hall_estimation,
	author={X. Song and J. Fang and B. Han},
	journal={IEEE Transactions on Power Electronics},
	title={High-Precision Rotor Position Detection for High-Speed Surface PMSM Drive Based on Linear Hall-Effect Sensors},
	year={2016},
	volume={31},
	number={7},
	pages={4720-4731},
	keywords={machine vector control;permanent magnet motors;synchronous motor drives;high-precision rotor position detection;high-speed surface PMSM drive;linear hall-effect sensors;surface permanent magnet synchronous motor drive system;harmonic components;rotor angle estimation;synchronous frequency extractors;SFE;field-oriented control scheme;high-speed magnetically suspended motor;Rotors;Magnetic sensors;Harmonic analysis;Power harmonic filters;Accuracy;Permanent magnet motors;rotor position estimation error;surface permanent magnet synchronous motors (SPMSM);linear hall-effect sensor;high-precision;high-speed motor;High precision;high-speed motor;linear hall-effect sensor;rotor position estimation error;surface permanent magnet synchronous motors (SPMSM)},
	doi={10.1109/TPEL.2015.2479642},
	ISSN={0885-8993},
	month={July},}


@ARTICLE{Chen2017_G_function,
	author={S. Chen and G. Liu and L. Zhu},
	journal={IEEE Transactions on Industrial Electronics},
	title={Sensorless Control Strategy of a 315 kW High-Speed BLDC Motor Based on a Speed-Independent Flux Linkage Function},
	year={2017},
	volume={64},
	number={11},
	pages={8607-8617},
	keywords={brushless DC motors;closed loop systems;commutation;robust control;sensorless machine control;speed-independent flux linkage function;brushless dc motor;robust sensorless operation;sensorless control strategy;high-speed BLDC motor;sensorless detection circuit model;closed-loop system;power 315.0 kW;Rotors;Sensorless control;Commutation;Hysteresis motors;Brushless motors;Couplings;315 kW;brushless dc (BLDC) motor;flux linkage;full speed range;high speed;sensorless},
	doi={10.1109/TIE.2017.2698373},
	ISSN={0278-0046},
	month={Nov},}


@ARTICLE{Song2018_virtual_3rd_harm,
	author={X. Song and B. Han and S. Zheng and J. Fang},
	journal={IEEE Transactions on Power Electronics},
	title={High-Precision Sensorless Drive for High-Speed BLDC Motors Based on the Virtual Third Harmonic Back-EMF},
	year={2018},
	volume={33},
	number={2},
	pages={1528-1540},
	keywords={brushless DC motors;commutation;compensation;DC motor drives;electric potential;phase locked loops;rotors;sensorless machine control;second-order generalized integrator based phase-locked loop;commutation points;developed magnetically suspended motor;sensorless drive algorithm;high-speed BLDC motors;direct current motor drives;novel high-precision sensorless drive;inevitable voltage pulses;rotor position;active compensation method;virtual third harmonic back-EMF;high-speed brushless direct current motor drives;virtual third harmonic back electromotive force;SFF-SOGI-PLL;synchronic-frequency filter;experimental driveline system;High-speed brushless direct current (BLDC);phase-locked loop (PLL);sensorless drive;virtual third harmonic back electromotive force (back-EMF)},
	doi={10.1109/TPEL.2017.2688478},
	ISSN={0885-8993},
	month={Feb},}


@ARTICLE{Gu2018_commutation_correction_IFP,
	author={C. Gu and X. Wang and X. Shi and Z. Deng},
	journal={IEEE Transactions on Industrial Electronics},
	title={A PLL-Based Novel Commutation Correction Strategy for a High-Speed Brushless DC Motor Sensorless Drive System},
	year={2018},
	volume={65},
	number={5},
	pages={3752-3762},
	keywords={brushless DC motors;commutation;DC motor drives;magnetic flux;permanent magnet motors;permanent magnets;phase locked loops;power factor;PLL;digital control delay;internal power factor angle;BLDC motor;IPF angle;phase delay;phase-lock loop;commutation correction strategy;high-speed permanent magnet brushless DC motor sensorless drive system;low-pass filters;LPF;PM flux linkage based phase discriminator;autophase regulator;APR;Commutation;Motor drives;Permanent magnet motors;Couplings;Phase locked loops;Delays;Rotors;Commutation correction;commutation error;high-speed brushless dc (BLDC) motor;phase-lock loop (PLL);sensorless control},
	doi={10.1109/TIE.2017.2760845},
	ISSN={0278-0046},
	month={May},}


@INPROCEEDINGS{Raja2018_estErrorCompensation,
	author={A. K. Singh and R. Raja and T. Sebastian and A. Gebregergis},
	booktitle={2018 IEEE Energy Conversion Congress and Exposition (ECCE)},
	title={Effect of Position Measurement Delay on the Performance of PMSM Drive},
	year={2018},
	volume={},
	number={},
	pages={4622-4627},
	keywords={},
	doi={10.1109/ECCE.2018.8558059},
	ISSN={2329-3748},
	month={Sep.},}


@ARTICLE{Wang2007_12step,
	author={C. Wang and S. Wang and S. Lin and H. Lin},
	journal={IEEE Transactions on Magnetics},
	title={A Novel Twelve-Step Sensorless Drive Scheme for a Brushless DC Motor},
	year={2007},
	volume={43},
	number={6},
	pages={2555-2557},
	keywords={brushless DC motors;DC motor drives;field programmable gate arrays;twelve-step sensorless drive scheme;three-phase brushless DC motors;FPGA chips;active angular period;Brushless DC motors;Torque;Synchronous motors;Voltage;Commutation;Phase detection;Delay;Chaos;Control engineering;Industrial control;Back EMF;brushless DC motor;sensorless drive;zero-crossing},
	doi={10.1109/TMAG.2007.892327},
	ISSN={0018-9464},
	month={June},}


@INPROCEEDINGS{Rahman2004,
	author={M. A. Rahman and A. Chiba and T. Fukao},
	booktitle={IEEE Power Engineering Society General Meeting, 2004.},
	title={Super high speed electrical machines - summary},
	year={2004},
	volume={},
	number={},
	pages={1272-1275 Vol.2},
	keywords={asynchronous machines;homopolar machines;industries;intelligent control;machine control;synchronous machines;super-high-speed motor;super-high-speed generator;industry application;microgas turbines;compressor;blower;pump;hybrid electric vehicles;turbo-molecular pump;machine tool spindle drives;information storage disk drives;permanent magnet machines;claw pole;homopolar machines;axial gap synchronous machines;switched reluctance machine;intelligent control;bearingless operation;Pumps;Reluctance motors;Synchronous motors;Micromotors;Hybrid power systems;Industry applications;Turbines;Compressors;Hybrid electric vehicles;Machine tool spindles},
	doi={10.1109/PES.2004.1373062},
	ISSN={},
	month={June},}



@ARTICLE{Millingen1991_GasTurbineMonitoring,
	author={R. D. van Millingen and J. D. van Millingen },
	journal={ASME 1991 International Gas Turbine and Aeroengine Congress and Exposition},
	title={Phase Shift Torquemeters for Gas Turbine Development	and Monitoring},
	year={1991},
	volume={5},
	number={},
	pages={},
	keywords={},
	doi={10.1115/91-GT-189},
	month={June},}


@INPROCEEDINGS{Derammelaere2016,
	author={S. Derammelaere and M. Haemers and J. De Viaene and F. Verbelen and K. Stockman},
	booktitle={2016 19th International Conference on Electrical Machines and Systems (ICEMS)},
	title={A quantitative comparison between BLDC, PMSM, brushed DC and stepping motor technologies},
	year={2016},
	volume={},
	number={},
	pages={1-5},
	keywords={brushless DC motors;open loop systems;permanent magnet motors;stepping motors;synchronous motors;brushed DC motor technologies;stepping motor technologies;BLDC motor technologies;PMSM technologies;brushless DC machines;permanent magnet synchronous machines;brushed DC machines;BDC usage;open loop positioning;high-speed applications;power 1.5 kW;Permanent magnet motors;Torque;Brushless motors;DC motors;Synchronous motors;Position control},
	doi={},
	ISSN={},
	month={Nov},}

@ARTICLE{Lara2016,
	author={J. Lara and J. Xu and A. Chandra},
	journal={IEEE Transactions on Industrial Electronics},
	title={Effects of Rotor Position Error in the Performance of Field-Oriented-Controlled PMSM Drives for Electric Vehicle Traction Applications},
	year={2016},
	volume={63},
	number={8},
	pages={4738-4751},
	keywords={electric drives;electric vehicles;machine vector control;permanent magnet machines;regenerative braking;rotors;synchronous machines;traction;rotor position error effect;field-oriented-controlled PMSM drives;electric vehicle traction;permanent-magnet synchronous machine;EV traction;torque ripple;characteristic trajectory;infinite-speed interior PMSM drive;finite-speed surface-mounted-PMSM drive;IPMSM drive;SM-PMSM drive;Matlab-SimPowerSystems;TM4 EV drive;regenerative braking operation modes;rotor position sensor;power 80 kW;Torque;Rotors;Mathematical model;Stator windings;Electric vehicles;Trajectory;Electric vehicle (EV);field-oriented control (FOC);permanent-magnet synchronous machine (PMSM);rotor position error;torque ripple},
	doi={10.1109/TIE.2016.2549983},
	ISSN={0278-0046},
	month={Aug},}

@ARTICLE{Qian2004,
	author={Weizhe Qian and S. K. Panda and Jian-Xin Xu},
	journal={IEEE Transactions on Power Electronics},
	title={Torque ripple minimization in PM synchronous motors using iterative learning control},
	year={2004},
	volume={19},
	number={2},
	pages={272-279},
	keywords={permanent magnet motors;minimisation;magnetic flux;Fourier series;digital signal processing chips;adaptive control;torque control;machine control;synchronous motor drives;frequency-domain analysis;torque ripple minimization;permanent magnet synchronous motors;iterative learning control;parasitic torque pulsations;nonsinusoidal flux density distribution;variable magnetic reluctance;Fourier series expansion;DSP controlled PMSM drive platform;frequency domain design;Synchronous motors;Torque control;Magnetic variables control;Air gaps;Permanent magnet motors;Current measurement;Magnetic flux;Stators;Rotors;Degradation},
	doi={10.1109/TPEL.2003.820537},
	ISSN={0885-8993},
	month={March},}

@ARTICLE{Komunikacie2018,
	author={Š. Zoššák and M. Štulrajter and P. Makyš},
	journal={Communications},
	title={Self-sensing control of PMSM at zero and low speed},
	year={2018},
	volume={20},
	number={1},
	pages={13-19},
	keywords={vlastni},
	doi={},
	month={},}

@INPROCEEDINGS{Elektro1_2018,
	author={M. Sumega and L. Gorel and P. Varecha and Š. Zoššák and P. Makyš},
	booktitle={12th International Conference ELEKTRO 2018},
	title={Experimental study of ball on plate platform},
	year={2018},
	volume={},
	number={},
	pages={1-5},
	keywords={vlastni},
	doi={},
	isbn={978-1-5386-4758-5},
	month={5},}

@INPROCEEDINGS{Elektro2_2018,
	author={P. Sovička and P. Rafajdus and V. Vavruš and Š. Zoššák},
	booktitle={12th International Conference ELEKTRO 2018},
	title={Current controller with slope compensation for a Switched Reluctance Motor},
	year={2018},
	volume={},
	number={},
	pages={1-6},
	keywords={vlastni},
	doi={},
	isbn={978-1-5386-4758-5},
	month={5},}

@INPROCEEDINGS{Sled1_2018,
	author={Š. Zoššák and M. Štulrajter and P. Makyš and M. Sumega},
	booktitle={9th International Symposium on Sensorless Control for Electrical Drives (SLED)},
	title={Initial Position Detection of PMSM},
	year={2018},
	volume={},
	number={},
	pages={1-6},
	keywords={vlastni},
	doi={},
	isbn={978-1-5386-4455-3},
	month={9},}

@INPROCEEDINGS{Sled2_2018,
	author={P. Sovička and P. Rafajdus and Š. Zoššák and M. Štulrajter},
	booktitle={9th International Symposium on Sensorless Control for Electrical Drives (SLED)},
	title={Development of HF Injection Based Sensorless Method for SRM Using an Advanced Simulation},
	year={2018},
	volume={},
	number={},
	pages={1-6},
	keywords={vlastni},
	doi={},
	isbn={978-1-5386-4455-3},
	month={9},}

@INPROCEEDINGS{CPEE2018,
	author={P. Sovička and P. Rafajdus and V. Vavruš and Š. Zoššák},
	booktitle={19th International Conference Computational Problems of Electrical Engineering (CPEE)},
	title={Simple Polynomial Method for Inductance Calculation in Switched Reluctance Motor},
	year={2018},
	volume={},
	number={},
	pages={1-6},
	keywords={vlastni},
	doi={},
	isbn={978-1-5386-7895-4},
	month={9},}

@INPROCEEDINGS{Transcom1_2019,
	author={M. Sumega and Š. Zoššák and P. Varecha and P. Rafajdus},
	booktitle={13th international scientific conference of young European scientists on sustainable, modern and safe transport (TRANSCOM)},
	title={Sources of torque ripple and their influence in BLDC motor drives},
	year={2019},
	volume={},
	number={},
	pages={1-6},
	keywords={vlastni},
	doi={},
	month={5},
	publisher = {Prijatý abstrakt}
}

@INPROCEEDINGS{Transcom2_2019,
	author={Š. Zoššák and P. Sovicka and M. Sumega and P. Rafajdus},
	booktitle={13th international scientific conference of young European scientists on sustainable, modern and safe transport (TRANSCOM)},
	title={Evaluating Low Speed Limit of Back-EMF Observer for Permanent Magnet Synchronous Motor},
	year={2019},
	volume={},
	number={},
	pages={1-6},
	keywords={vlastni},
	doi={},
	month={5},
	publisher = {Prijatý abstrakt}
}






@WWW{Butter,
	author   = {NXP Semiconductors N.V},
	title    = {butter},
	year     = {2018},
	url      = {https://www.mathworks.com/help/signal/ref/butter.html},
	subtitle = {Butterworth filter design},
}

@misc{Oldenkamp1995,
	title={Reversible switched reluctance motor operating without a shaft position sensor},
	author={Oldenkamp, J.L.},
	url={https://www.google.ch/patents/US5440218},
	year={1995},
	month=aug # "~8",
	publisher={Google Patents},
	note={US Patent 5,440,218}
}


@Comment{jabref-meta: databaseType:biblatex;}